@inproceedings{mccool2010structured,
  title={Structured parallel programming with deterministic patterns},
  author={McCool, Michael D},
  booktitle={Proceedings of the 2nd USENIX conference on Hot topics in parallelism},
  pages={5--5},
  year={2010},
  organization={USENIX Association}
}

@article{robison2012cilk,
  title={Cilk plus: Language support for thread and vector parallelism},
  author={Robison, Arch D},
  journal={Talk at HP-CAST},
  volume={18},
  pages={25},
  year={2012}
}

@article{fasiku2014performance,
  title={Performance evaluation of multicore processors},
  author={Fasiku, AI and Oyinloye, OE and Falaki, SO and Adewale, OS},
  journal={International Journal of Engineering and Technology},
  volume={4},
  number={1},
  year={2014},
  publisher={Citeseer}
}

@article{mcafee2012big,
  title={Big data: the management revolution},
  author={McAfee, Andrew and Brynjolfsson, Erik and Davenport, Thomas H and Patil, DJ and Barton, Dominic},
  journal={Harvard business review},
  volume={90},
  number={10},
  pages={60--68},
  year={2012}
}

@article{ladner1980parallel,
  title={Parallel prefix computation},
  author={Ladner, Richard E and Fischer, Michael J},
  journal={Journal of the ACM (JACM)},
  volume={27},
  number={4},
  pages={831--838},
  year={1980},
  publisher={ACM}
}








@inproceedings{sze2010two,
  title={The two quadrillionth bit of pi is 0! distributed computation of pi with Apache Hadoop},
  author={Sze, Tsz-Wo},
  booktitle={Cloud Computing Technology and Science (CloudCom), 2010 IEEE Second International Conference on},
  pages={727--732},
  year={2010},
  organization={IEEE}
}



@electronic{IEEEhowto:IEEEtranpage,
  author        = "Michael Shell",
  title         = "{IEEE}tran Homepage",
  url           = "http://www.michaelshell.org/tex/ieeetran/",
  year          = "2015"
}
